% Encoding: UTF-8

@Article{iso_standard,
  author = {ISO 13473-3:2002},
  title  = {Characterization of pavement texture by use of surface profiles -- Part 3: Specification and classification of profilometers},
  year   = {2012},
  pages  = {12},
  url    = {https://www.iso.org/obp/ui/#iso:std:iso:13473:-3:ed-1:v1:en},
}

@Book{little_book,
  title  = {The little book of profiling},
  year   = {1997},
  author = {Michael W. Sayers Steven M. Karamihas},
}

@Article{sayers1995calculation,
  author    = {Sayers, Michael W},
  title     = {On the calculation of international roughness index from longitudinal road profile},
  journal   = {Transportation Research Record},
  year      = {1995},
  number    = {1501},
  pages     = {1--12},
  publisher = {National Research Council},
}

@Article{sayers1986guidelines,
  author    = {Sayers, Michael W},
  title     = {Guidelines for conducting and calibrating road roughness measurements},
  year      = {1986},
  publisher = {University of Michigan, Ann Arbor, Transportation Research Institute},
}

@Article{sayers1996interpretation,
  author = {Sayers, Michael W},
  title  = {Interpretation of road roughness profile data. Final report},
  year   = {1996},
}

@Article{jointeapa,
  author  = {Joint Eapa/Eurobitume Task Group Fuel Efficiency},
  title   = {Environmental Impacts and Fuel Efficiency of Road Pavements},
  journal = {Industry Report- March 2004.},
  year    = {2004},
}

@Article{jackson2011synthesis,
  author  = {Jackson, Robert L and Willis, J Richard and Arnold, Michael and Palmer, Clay},
  title   = {Synthesis of the effects of pavement properties on tire rolling resistance},
  journal = {NCAT Report},
  year    = {2011},
  pages   = {11--05},
}

@Book{piemonte2013finanza,
  title     = {La finanza territoriale in Italia. Rapporto 2012},
  publisher = {FrancoAngeli},
  year      = {2013},
  author    = {Piemonte, Ires and Irpet, Srm and Lombardia, {\'E}upolis and Ipres, Liguria Ricerche},
  volume    = {249},
}

@Article{measuring_equipment,
  author  = {AIPCR - Technical Committee on Surface Characteristics},
  title   = {Inventory of road surface characteristics measuring equipment},
  journal = {AIPCR},
  year    = {1995},
}

@Misc{arnberg1991laser,
  author = {Arnberg, Peter W and Burke, Michael W and Magnusson, Georg and Oberholzer, Roger and R{\aa}hs, Knut and Sj{\"o}gren, Leif},
  title  = {The laser RST: Current status},
  year   = {1991},
}

@Article{sayers1986international,
  author    = {Sayers, Michael W},
  title     = {The international road roughness experiment: establishing correlation and a calibration standard for measurements},
  year      = {1986},
  publisher = {University of Michigan, Ann Arbor, Transportation Research Institute},
}

@Article{astm,
  author = {ASTM E1926 - 08},
  title  = {Standard Practice for Computing International Roughness Index of Roads from Longitudinal Profile Measurements},
}

@Article{astm2,
  author = {ASTM E1364 - 95},
  title  = {Standard Test Method for Measuring Road Roughness by Static Level Method},
  year   = {2005},
}

@Article{sayers1986internationalscale,
  author  = {Sayers, MW and Gillespie, TD and Queiroz, CAV},
  title   = {The international road roughness experiment: a basis for establishing a standard scale for road roughness measurements},
  journal = {Transportation Research Record},
  year    = {1986},
  volume  = {1084},
  pages   = {76--85},
}

@Article{gillespie1980calibration,
  author = {Gillespie, Thomas D},
  title  = {Calibration of response-type road roughness measuring systems},
  year   = {1980},
}

@PhdThesis{wang2006road,
  author = {Wang, Hao},
  title  = {Road Profiler Performance Evaluation and Accuracy Criteria Analysis},
  school = {Virginia Polytechnic Institute and State University},
  year   = {2006},
}

@TechReport{bennett2006data,
  author = {Bennett, Christopher R and Solminihac, Hernan de and Chamorro, Alondra},
  title  = {Data collection technologies for road management},
  year   = {2006},
}

@Article{bennett2000guide,
  author  = {Bennett, Christopher R and Paterson, William DO},
  title   = {A guide to calibration and adaptation},
  journal = {HDM-4. Volume 5. The Highway Development and Management Series},
  year    = {2000},
}

@Article{paterson2,
  author  = {Paterson, W. and Scullion, T.},
  title   = {Information Systems for Road Management: Draft Guidelines on System Design and Data Issues.},
  journal = {The World Bank, Policy Planning and Research Staff, Infrastructure and Urban Development Department},
  year    = {1990},
}

@Article{gillespie1992everything,
  author  = {Gillespie, Thomas D},
  title   = {Everything you always wanted to know about the iri, but were afraid to ask},
  journal = {The University of Michigan Transportation Research Institute. Nebraska},
  year    = {1992},
}

@Article{basicprincipleaereo,
  author  = {AeroStudents.com.},
  title   = {Basic Principles of Inertial Navigation Seminar on inertial navigation systems.},
  journal = {Tampere University of Technology},
  year    = {2015.},
}

@Unpublished{gpssystem,
  author = {R. Colin Johnson},
  title  = {GPS system with IMUs tracks first responders},
}

@Unpublished{motioncapture,
  author = {xsens},
  title  = {An introduction to the beginning of motion capture technology.},
}

@Book{siciliano2016springer,
  title     = {Springer handbook of robotics},
  publisher = {Springer},
  year      = {2016},
  author    = {Siciliano, Bruno and Khatib, Oussama},
}

@InProceedings{mohan2008nericell,
  author       = {Mohan, Prashanth and Padmanabhan, Venkata N and Ramjee, Ramachandran},
  title        = {Nericell: rich monitoring of road and traffic conditions using mobile smartphones},
  booktitle    = {Proceedings of the 6th ACM conference on Embedded network sensor systems},
  year         = {2008},
  pages        = {323--336},
  organization = {ACM},
}

@Article{diebel2006representing,
  author  = {Diebel, James},
  title   = {Representing attitude: Euler angles, unit quaternions, and rotation vectors},
  journal = {Matrix},
  year    = {2006},
  volume  = {58},
  number  = {15-16},
  pages   = {1--35},
}

@Article{Andro,
  title = {Android Sensors},
  url   = {https://developer.android.com/reference/android/hardware/SensorEvent.html},
}

@Comment{jabref-meta: databaseType:bibtex;}
